<?xml version="1.0" encoding="UTF-8" ?><marc:record xmlns:marc="http://www.loc.gov/MARC21/slim"><marc:leader>00437nam a2200109   4500</marc:leader><marc:controlfield tag="001">1000216</marc:controlfield><marc:controlfield tag="008">100120s1833        enk       |00|| und d</marc:controlfield><marc:datafield tag="100" ind1="1" ind2=" "><marc:subfield code="a">Darwin, Charles.</marc:subfield></marc:datafield><marc:datafield tag="245" ind1="1" ind2="0"><marc:subfield code="a">Das Abändern der Vögel durch Einfluss des Klima's. :</marc:subfield><marc:subfield code="b">[Supplementary material in Charles Darwin's copy].</marc:subfield></marc:datafield><marc:datafield tag="500" ind1=" " ind2=" "><marc:subfield code="a">Identifier: Gloger1833nh20H_MS.</marc:subfield></marc:datafield><marc:datafield tag="700" ind1="1" ind2=" "><marc:subfield code="a">Gloger, Constantin Lambert.</marc:subfield></marc:datafield><marc:datafield tag="772" ind1="0" ind2=" "><marc:subfield code="t">Das Abändern der Vögel durch Einfluss des Klima's.</marc:subfield><marc:subfield code="o">Gloger1833nh20H</marc:subfield></marc:datafield></marc:record>